@online{photoNum,
  author = {The Atlantic},
  title = {How Many Photographs of You Are Out There In the World?},
  year = 2014,
  url = {https://www.theatlantic.com/technology/archive/2015/11/how-many-photographs-of-you-are-out-there-in-the-world/413389/},
}
@inproceedings{barghFeedbackSystem,
author = {Bargh, Mortaza and Conradie, Peter and Choenni, Sunil and Meijer, Ronald},
year = {2014},
month = {01},
pages = {},
title = {Privacy protection in data sharing: Towards feedback based solutions},
volume = {2014},
journal = {ACM International Conference Proceeding Series},
doi = {10.1145/2691195.2691279}
}
@inproceedings{ajesh2016random,
  title={A random forest approach for rating-based recommender system},
  author={Ajesh, A and Nair, Jayashree and Jijin, PS},
  booktitle={2016 International conference on advances in computing, communications and informatics (ICACCI)},
  pages={1293--1297},
  year={2016},
  organization={IEEE}
}

@techreport{armstrong1995movie,
  title={Movie rating prediction},
  author={Armstrong, Nick and Yoon, Kevin},
  year={1995},
  institution={Citeseer}
}

@inproceedings{li2017neural,
  title={Neural rating regression with abstractive tips generation for recommendation},
  author={Li, Piji and Wang, Zihao and Ren, Zhaochun and Bing, Lidong and Lam, Wai},
  booktitle={Proceedings of the 40th International ACM SIGIR conference on Research and Development in Information Retrieval},
  pages={345--354},
  year={2017}
}

@inproceedings{hsu2014predicting,
  title={Predicting movies user ratings with imdb attributes},
  author={Hsu, Ping-Yu and Shen, Yuan-Hong and Xie, Xiang-An},
  booktitle={International Conference on Rough Sets and Knowledge Technology},
  pages={444--453},
  year={2014},
  organization={Springer}
}

@inproceedings{nguyen2022unveiling,
  title={Unveiling real-life effects of online photo sharing},
  author={Nguyen, Van-Khoa and Popescu, Adrian and Deshayes-Chossart, J{\'e}r{\^o}me},
  booktitle={Proceedings of the IEEE/CVF Winter Conference on Applications of Computer Vision},
  pages={2898--2908},
  year={2022}
}